%% Put here reference entries
\bibliographystyle{plain} % Plain referencing style
\bibliography{refs} % Use the example bibliography file %sample.bib


@BOOK{Baz,
author = {Bazaraa, M.S. and J.J. Jarvis and H.D. Sherali},
year = 2004,
title = {Programaci\’on lineal y flujo en redes},
edition = 2,
publisher = {Limusa},
adress = {M\’exico, DF}
}

@book{knuth1986,
 author = {Silverman, Richard A.},
 title = {Complex Analysis with Applications},
 year = {1973}
}

@book{lamport1994,
 author = {Dettman, John W.},
 title = {Applied Complex Variables},
 year = {1965}
} 